@book{Merkov,
    author       = {А.Б. Мерков},
    title        = {Распознавание образов. Построение и обучение вероятностных моделей},
    year         = {2014},
    publisher    = {ЛЕНАНД},
    address      = {Москва}
}

@book{Kalin,
    author       = {И.А. Калиновский},
    title        = {Методы нейросетевого детектирования лиц в видеопотоке сверхвысокого разрешения},
    year         = {2016},
    publisher       = {Национальный исследовательский Томский государственный университет},
}

@article{Chez,
    author       = {Patrik KAMENCAY, Miroslav BENCO, Tomas MIZDOS, Roman RADIL},
    title        = {A New Method for Face Recognition Using Convolutional Neural Network},
    journal      = {ADVANCES IN ELECTRICAL AND ELECTRONIC ENGINEERING},
    year         = {2017},
    volume       = {15},
    number       = {4},
    pages        = {663--672},
}
